2808 4604
6 3962 15 4010 l

6 4019 9 4124 l

516 441 750 510 CARMEN
779 440 835 512 vl.
1172 455 1214 518 73

168 695 272 771 Simul
300 699 434 766 fortune
457 721 532 789 opes
561 701 624 789 (ris)
649 700 859 788 contigerunt.
904 703 1044 772 colendo
1067 724 1141 772 vero
1163 725 1212 788 es,

166 966 239 1034 quae
260 948 366 1018 leudes
387 949 505 1032 ferunt,
528 951 698 1036 conspicue
717 951 767 1016 vio
788 951 950 1018 incedunt.
994 951 1109 1020 Probat
1130 975 1209 1042 opus

166 1219 334 1286 quemque.
377 1200 573 1268 Obtrectatio
588 1210 693 1269 autem
708 1201 838 1270 aliorum
853 1202 1028 1272 invidorum
1050 1204 1211 1292 impendet

164 1448 213 1529 iis,
230 1447 344 1535 quibus
358 1449 524 1536 aliquando
544 1451 647 1536 primo
662 1452 731 1516 loeo
745 1451 910 1517 duodecies
925 1451 958 1516 in
980 1451 1082 1539 sputio
1095 1451 1208 1520 decur-

161 1698 301 1766 rentibus
321 1701 495 1768 veneranda
517 1701 654 1770 ndstillst
676 1701 786 1768 Gratia
798 1701 969 1789 gloriosum
989 1705 1127 1772 vultum.
1171 1701 1208 1768 Si

159 1959 267 2018 autem
291 1971 362 2014 vere
387 1952 447 2030 tui,
471 1973 491 2014 ο
516 1952 645 2036 Agesis,
668 1951 799 2016 materni
822 1947 954 2035 majores
981 1952 1039 2015 sub
1063 1949 1208 2035 Cyllenes

162 2205 270 2266 monte
292 2235 339 2251 -
361 2195 535 2263 habitantes
559 2198 754 2264 Mercurium
777 2197 908 2264 deorum
933 2219 1127 2285 preconem,
1151 2199 1206 2286 qui

161 2447 331 2515 certamino
359 2455 536 2536 sortemque
561 2447 763 2535 premiorum
787 2449 950 2533 gubernet,
979 2445 1208 2536 Arcudiurnque

160 2700 269 2768 incolis
284 2700 441 2786 insignem
456 2708 552 2782 amat,
568 2701 705 2766 multum
718 2698 826 2766 multis
841 2698 1033 2786 supplicibus
1048 2698 1206 2766 sacrificiis

160 2944 303 3035 religiose
317 2949 500 3016 coluerunt:
522 2947 575 3013 ille
589 2955 648 3029 est,
661 2947 797 3034 quicum
814 2945 1003 3034 gravistrepo
1010 2955 1097 3034 petre
1107 2955 1209 3030 tuum,

160 3219 182 3262 o
202 3196 334 3264 Sostrati
357 3195 413 3278 fili,
437 3195 620 3264 felicitatem
643 3194 783 3282 largitur.
827 3191 960 3260 Obenut
982 3193 1102 3279 lingum
1124 3193 1204 3260 cotis

161 3449 256 3516 instar
273 3456 375 3515 acute
389 3447 535 3528 nanetio,
550 3467 663 3532 meque
678 3405 838 3512 lubentem
853 3444 892 3510 od
906 3441 1089 3531 pulcrifluos
1110 3441 1203 3510 tibiu-⁴

160 3719 240 3796 rum
259 3699 348 3778 flotus
368 3698 477 3770 allicit.
521 3695 610 3764 Ario.
625 3699 763 3762 materno
787 3714 863 3760 meu
880 3690 1070 3779 Stymphalis
1092 3692 1204 3760 floreus

246 3902 320 3950 vot..
343 3903 366 3950 1.
754 3899 775 3942 L
