2780 4594
502 529 737 598 CARMEN
759 533 805 602 11.
1121 533 1180 605 197

129 788 262 854 mamvit
276 789 474 856 sententiam.
497 789 645 874 ¹Absque
655 787 772 854 Gratiis
781 787 892 853 vernei
900 786 1022 872 peperit
1037 785 1181 870 (Nubes)

133 1008 204 1072 sola
218 1009 314 1072 solam
331 1007 471 1099 sobolem
487 1015 703 1086 monstrosam,
717 1027 818 1092 neque
826 1005 908 1072 inter
916 1007 1059 1072 homines
1070 1027 1181 1094 accep-

134 1225 456 1313 tam,nequedeorum
467 1227 610 1308 sedibus3
622 1248 717 1314 quom
724 1227 907 1307 nominavit,
916 1227 1183 1306 cumenutriisset,

137 1403 340 1507 Centanrnm.
387 1426 453 1510 Qii
468 1409 547 1506 crim¹
556 1444 694 1526 equabus
709 1441 881 1528 Magnesiis
897 1427 1081 1528 congressus
1095 1452 1141 1508 est
1150 1421 1184 1510 in

139 1661 221 1726 Pelii
234 1657 437 1725 'convallibus
449 1683 461 1740 ;
483 1659 616 1746 indeque
638 1660 707 1724 neti
731 1669 807 1724 sunt
827 1657 962 1746 ¹populus
986 1657 1185 1732 admirandus

139 1881 278 1972 utrisque
303 1880 419 1945 similes
441 1881 633 1966 parentibus,
656 1879 747 1946 matri
777 1877 904 1966 quidem
929 1877 1068 1958 inferius,
1091 1877 1183 1952 desu÷

141 2120 200 2184 per
214 2097 390 2183 veropatri.
411 2135 456 2146 -
476 2097 567 2162 Deus
586 2119 712 2163 omnem
738 2119 778 2162 ex
800 2103 873 2160 voto
899 2095 1019 2162 exitum
1042 2093 1185 2216 perlicit?

144 2317 231 2398 deus,
245 2319 299 2402 qui
314 2318 409 2383 etiam
423 2317 579 2404 pernicem
601 2316 736 2402 aquilam
758 2314 947 2402 adsequitur,
971 2324 1003 2382 et
1028 2261 1184 2382 marinum

142 2501 307 2603 entevertit
316 2499 509 2623 llelphinem,
524 2546 556 2602 et
569 2497 773 2623 superborum
782 2537 917 2624 aliquem
925 2536 1090 2625 prosternit
1102 2485 1185 2602 mor:

144 2725 265 2834 talinm,
280 2721 388 2819 contra
401 2757 468 2820 aliis
482 2757 586 2839 decus,
602 2779 665 2823 non
682 2777 845 2824 senescens
860 2759 988 2845 praebct.
1035 2739 1092 2823 Me
1115 2722 1187 2823 vero

144 2976 268 3064 oportet
282 2961 392 3052 fu'gere
407 2967 542 3034 belluam
557 2971 714 3052 infestam,
728 2971 987 3042 maledicentiam.
1012 2977 1086 3056 (nec
1100 2973 1188 3038 Ixio-

148 3169 194 3236 nis
209 3170 324 3265 scelere
338 3176 370 3233 et
383 3187 495 3274 poenss
504 3167 623 3258 ¹diutius
638 3173 819 3256 exagitare.)
851 3169 925 3236 seio
939 3171 1035 3252 enim,
1047 3173 1187 3268 quamvis

150 3375 316 3456 (tempore)
331 3321 438 3456 procel
452 3371 491 3434 ab
507 3370 572 3453 illo,
588 3373 723 3438 multum
735 3373 768 3438 in
785 3329 907 3438 miseria
923 3371 971 3456 (in
984 3329 1188 3458 magnadiffi-

151 3563 294 3640 cultatem
307 3573 530 3654 constitutum)
544 3565 1016 3642 conviciatorem'Archrlochum
1030 3549 1189 3642 maledicis

150 3775 415 3844 criminationibus
426 3779 648 3846 delectatum..
672 3775 955 3846 Ditsscsrerutem
982 3778 1037 3860 ito,
1056 3787 1189 3866 nt'con·
