<?xml version="1.0" encoding="UTF-8"?>
<!DOCTYPE html PUBLIC "-//W3C//DTD XHTML 1.0 Transitional//EN"
    "http://www.w3.org/TR/xhtml1/DTD/xhtml1-transitional.dtd">
<html xmlns="http://www.w3.org/1999/xhtml" xml:lang="en" lang="en">
 <head>
  <title>
</title>
<meta http-equiv="Content-Type" content="text/html;charset=utf-8" />
  <meta name='ocr-system' content='tesseract 3.04.00' />
  <meta name='ocr-capabilities' content='ocr_page ocr_carea ocr_par ocr_line ocrx_word'/>
</head>
<body>
  <div class='ocr_page' id='page_1' title='image "./pindaricarminaa00heyngoog_0075.png"; bbox 0 0 2808 4604; ppageno 0'>
   <div class='ocr_carea' id='block_1_1' title="bbox 488 533 1181 602">
    <p class='ocr_par' dir='ltr' id='par_1_1' title="bbox 488 533 1181 602">
     <span class='ocr_line' id='line_1_1' title="bbox 488 533 1181 602; baseline 0.006 -6"><span class='ocrx_word' id='word_1_1' title='bbox 488 533 718 602; x_wconf 81' lang='lat' dir='ltr'>CARMEN</span> <span class='ocrx_word' id='word_1_2' title='bbox 742 534 798 598; x_wconf 87' lang='lat' dir='ltr'><strong>Vl.</strong></span> <span class='ocrx_word' id='word_1_3' title='bbox 1138 541 1181 600; x_wconf 83' lang='grc'><strong>69</strong></span> 
     </span>
    </p>
   </div>
   <div class='ocr_carea' id='block_1_2' title="bbox 136 791 1184 1098">
    <p class='ocr_par' dir='ltr' id='par_1_2' title="bbox 136 791 1184 1098">
     <span class='ocr_line' id='line_1_2' title="bbox 136 791 1183 882; baseline -0.005 -20"><span class='ocrx_word' id='word_1_4' title='bbox 136 796 249 882; x_wconf 78' lang='lat' dir='ltr'><strong>(almo)</strong></span> <span class='ocrx_word' id='word_1_5' title='bbox 273 812 370 860; x_wconf 84' lang='lat' dir='ltr'><strong>succo</strong></span> <span class='ocrx_word' id='word_1_6' title='bbox 390 812 497 879; x_wconf 83' lang='lat' dir='ltr'><strong>apum.</strong></span> <span class='ocrx_word' id='word_1_7' title='bbox 543 791 614 858; x_wconf 86' lang='lat' dir='ltr'><strong>Rex</strong></span> <span class='ocrx_word' id='word_1_8' title='bbox 634 801 740 858; x_wconf 85' lang='lat' dir='ltr'><strong>nutem</strong></span> <span class='ocrx_word' id='word_1_9' title='bbox 760 798 926 877; x_wconf 81' lang='lat' dir='ltr'><strong>postquam</strong></span> <span class='ocrx_word' id='word_1_10' title='bbox 947 796 1070 876; x_wconf 77' lang='lat' dir='ltr'><strong>petrosa</strong></span> <span class='ocrx_word' id='word_1_11' title='bbox 1091 803 1183 857; x_wconf 74' lang='lat' dir='ltr'><strong>curru</strong></span> 
     </span>
     <span class='ocr_line' id='line_1_3' title="bbox 141 1009 1184 1098; baseline -0.002 -18"><span class='ocrx_word' id='word_1_12' title='bbox 141 1023 247 1081; x_wconf 84' lang='lat' dir='ltr'><strong>vectus</strong></span> <span class='ocrx_word' id='word_1_13' title='bbox 262 1011 352 1078; x_wconf 85' lang='lat' dir='ltr'><strong>rediit</strong></span> <span class='ocrx_word' id='word_1_14' title='bbox 365 1033 404 1076; x_wconf 87' lang='lat' dir='ltr'><strong>ex</strong></span> <span class='ocrx_word' id='word_1_15' title='bbox 420 1010 574 1096; x_wconf 79' lang='lat' dir='ltr'>Pythone,</span> <span class='ocrx_word' id='word_1_16' title='bbox 589 1033 699 1078; x_wconf 84' lang='lat' dir='ltr'><strong>omnes</strong></span> <span class='ocrx_word' id='word_1_17' title='bbox 710 1011 797 1077; x_wconf 91' lang='lat' dir='ltr'><strong>domi</strong></span> <span class='ocrx_word' id='word_1_18' title='bbox 806 1011 1015 1096; x_wconf 80' lang='lat' dir='ltr'><strong>interrogabat</strong></span> <span class='ocrx_word' id='word_1_19' title='bbox 1024 1009 1062 1076; x_wconf 83' lang='lat' dir='ltr'><strong>de</strong></span> <span class='ocrx_word' id='word_1_20' title='bbox 1077 1033 1184 1098; x_wconf 86' lang='lat' dir='ltr'><strong>puero,</strong></span> 
     </span>
    </p>
   </div>
   <div class='ocr_carea' id='block_1_3' title="bbox 142 1181 1185 1316">
    <p class='ocr_par' dir='ltr' id='par_1_3' title="bbox 142 1181 1185 1316">
     <span class='ocr_line' id='line_1_4' title="bbox 142 1181 1185 1316; baseline -0.003 -20"><span class='ocrx_word' id='word_1_21' title='bbox 142 1253 237 1316; x_wconf 87' lang='lat' dir='ltr'><strong>quern</strong></span> <span class='ocrx_word' id='word_1_22' title='bbox 266 1228 398 1296; x_wconf 88' lang='lat' dir='ltr'><strong>Evadne</strong></span> <span class='ocrx_word' id='word_1_23' title='bbox 421 1231 601 1316; x_wconf 78' lang='lat' dir='ltr'>peperisset.</span> <span class='ocrx_word' id='word_1_24' title='bbox 646 1228 769 1296; x_wconf 88' lang='lat' dir='ltr'><strong>Pboebo</strong></span> <span class='ocrx_word' id='word_1_25' title='bbox 798 1228 884 1296; x_wconf 90' lang='lat' dir='ltr'><strong>enim</strong></span> <span class='ocrx_word' id='word_1_26' title='bbox 914 1228 1017 1315; x_wconf 89' lang='lat' dir='ltr'><strong>ipsum</strong></span> <span class='ocrx_word' id='word_1_27' title='bbox 1044 1181 1185 1294; x_wconf 74' lang='lat' dir='ltr'><strong>narrabat</strong></span> 
     </span>
    </p>
   </div>
   <div class='ocr_carea' id='block_1_4' title="bbox 147 1465 1186 1552">
    <p class='ocr_par' dir='ltr' id='par_1_4' title="bbox 147 1465 1186 1552">
     <span class='ocr_line' id='line_1_5' title="bbox 147 1465 1186 1552; baseline 0.002 -22"><span class='ocrx_word' id='word_1_28' title='bbox 147 1465 289 1551; x_wconf 84' lang='lat' dir='ltr'><strong>genitum</strong></span> <span class='ocrx_word' id='word_1_29' title='bbox 309 1485 375 1530; x_wconf 83' lang='lat' dir='ltr'><strong>esse</strong></span> <span class='ocrx_word' id='word_1_30' title='bbox 399 1503 443 1514; x_wconf 86' lang='lat'>-</span> <span class='ocrx_word' id='word_1_31' title='bbox 457 1475 563 1552; x_wconf 80' lang='lat' dir='ltr'><strong>patre3</strong></span> <span class='ocrx_word' id='word_1_32' title='bbox 586 1466 789 1550; x_wconf 82' lang='lat' dir='ltr'><strong>futurumque</strong></span> <span class='ocrx_word' id='word_1_33' title='bbox 810 1469 891 1532; x_wconf 85' lang='lat' dir='ltr'><strong>inter</strong></span> <span class='ocrx_word' id='word_1_34' title='bbox 915 1467 1058 1532; x_wconf 89' lang='lat' dir='ltr'><strong>homines</strong></span> <span class='ocrx_word' id='word_1_35' title='bbox 1082 1476 1186 1532; x_wconf 81' lang='lat' dir='ltr'><strong>vatem</strong></span> 
     </span>
    </p>
   </div>
   <div class='ocr_carea' id='block_1_5' title="bbox 145 1629 1188 1790">
    <p class='ocr_par' dir='ltr' id='par_1_5' title="bbox 145 1629 1188 1790">
     <span class='ocr_line' id='line_1_6' title="bbox 856 1629 878 1672; baseline 0 0"><span class='ocrx_word' id='word_1_36' title='bbox 856 1629 878 1672; x_wconf 65' lang='grc' dir='ltr'>ι</span> 
     </span>
     <span class='ocr_line' id='line_1_7' title="bbox 145 1701 1188 1790; baseline 0.002 -22"><span class='ocrx_word' id='word_1_37' title='bbox 145 1701 289 1768; x_wconf 90' lang='lat' dir='ltr'><strong>omnium</strong></span> <span class='ocrx_word' id='word_1_38' title='bbox 304 1702 481 1768; x_wconf 71' lang='lat' dir='ltr'><strong>mortalium</strong></span> <span class='ocrx_word' id='word_1_39' title='bbox 496 1707 800 1790; x_wconf 78' lang='lat' dir='ltr'><strong>praestantissimum,</strong></span> <span class='ocrx_word' id='word_1_40' title='bbox 813 1723 914 1788; x_wconf 77' lang='lat' dir='ltr'><strong>neque</strong></span> <span class='ocrx_word' id='word_1_41' title='bbox 924 1716 1064 1790; x_wconf 86' lang='lat' dir='ltr'><strong>unquam</strong></span> <span class='ocrx_word' id='word_1_42' title='bbox 1073 1705 1188 1770; x_wconf 71' lang='lat' dir='ltr'><strong>onitu»</strong></span> 
     </span>
    </p>
   </div>
   <div class='ocr_carea' id='block_1_6' title="bbox 147 1907 1190 1996">
    <p class='ocr_par' dir='ltr' id='par_1_6' title="bbox 147 1907 1190 1996">
     <span class='ocr_line' id='line_1_8' title="bbox 147 1907 1190 1996; baseline 0.003 -24"><span class='ocrx_word' id='word_1_43' title='bbox 147 1927 215 1972; x_wconf 88' lang='lat' dir='ltr'><strong>rum</strong></span> <span class='ocrx_word' id='word_1_44' title='bbox 227 1907 385 1994; x_wconf 84' lang='lat' dir='ltr'><strong>progenie.</strong></span> <span class='ocrx_word' id='word_1_45' title='bbox 430 1908 484 1973; x_wconf 89' lang='lat' dir='ltr'><strong>Sic</strong></span> <span class='ocrx_word' id='word_1_46' title='bbox 499 1912 606 1996; x_wconf 89' lang='lat' dir='ltr'><strong>utique</strong></span> <span class='ocrx_word' id='word_1_47' title='bbox 621 1912 794 1976; x_wconf 78' lang='lat' dir='ltr'><strong>nuntiabat.</strong></span> <span class='ocrx_word' id='word_1_48' title='bbox 838 1909 891 1975; x_wconf 85' lang='lat' dir='ltr'><strong>lili</strong></span> <span class='ocrx_word' id='word_1_49' title='bbox 905 1918 1010 1976; x_wconf 82' lang='lat' dir='ltr'><strong>autem</strong></span> <span class='ocrx_word' id='word_1_50' title='bbox 1026 1931 1085 1974; x_wconf 87' lang='lat' dir='ltr'><strong>nec</strong></span> <span class='ocrx_word' id='word_1_51' title='bbox 1101 1908 1190 1975; x_wconf 87' lang='lat' dir='ltr'><strong>audi·</strong></span> 
     </span>
    </p>
   </div>
   <div class='ocr_carea' id='block_1_7' title="bbox 147 2121 1197 3155">
    <p class='ocr_par' dir='ltr' id='par_1_7' title="bbox 147 2121 1197 3155">
     <span class='ocr_line' id='line_1_9' title="bbox 147 2121 1191 2211; baseline 0.004 -25"><span class='ocrx_word' id='word_1_52' title='bbox 147 2123 227 2186; x_wconf 86' lang='lat' dir='ltr'><strong>visse</strong></span> <span class='ocrx_word' id='word_1_53' title='bbox 239 2143 296 2185; x_wconf 89' lang='lat' dir='ltr'><strong>nee</strong></span> <span class='ocrx_word' id='word_1_54' title='bbox 308 2121 419 2187; x_wconf 89' lang='lat' dir='ltr'><strong>vidisse</strong></span> <span class='ocrx_word' id='word_1_55' title='bbox 431 2142 464 2185; x_wconf 84' lang='lat' dir='ltr'><strong>se</strong></span> <span class='ocrx_word' id='word_1_56' title='bbox 476 2122 693 2187; x_wconf 81' lang='lat' dir='ltr'><strong>adseverabant</strong></span> <span class='ocrx_word' id='word_1_57' title='bbox 705 2125 870 2206; x_wconf 83' lang='lat' dir='ltr'><strong>infantem,</strong></span> <span class='ocrx_word' id='word_1_58' title='bbox 883 2124 942 2189; x_wconf 84' lang='lat' dir='ltr'><strong>etsi</strong></span> <span class='ocrx_word' id='word_1_59' title='bbox 956 2124 1066 2211; x_wconf 90' lang='lat' dir='ltr'><strong>quinto</strong></span> <span class='ocrx_word' id='word_1_60' title='bbox 1077 2124 1191 2192; x_wconf 83' lang='lat' dir='ltr'><strong>abhinc</strong></span> 
     </span>
     <span class='ocr_line' id='line_1_10' title="bbox 149 2349 1192 2450; baseline 0.008 -28"><span class='ocrx_word' id='word_1_61' title='bbox 149 2349 200 2423; x_wconf 82' lang='lat' dir='ltr'><strong>&#39;die</strong></span> <span class='ocrx_word' id='word_1_62' title='bbox 215 2365 344 2439; x_wconf 85' lang='lat' dir='ltr'><strong>natum3</strong></span> <span class='ocrx_word' id='word_1_63' title='bbox 368 2360 525 2424; x_wconf 89' lang='lat' dir='ltr'><strong>enimvero</strong></span> <span class='ocrx_word' id='word_1_64' title='bbox 540 2359 655 2424; x_wconf 84' lang='lat' dir='ltr'><strong>latebat</strong></span> <span class='ocrx_word' id='word_1_65' title='bbox 670 2361 722 2425; x_wconf 91' lang='lat' dir='ltr'><strong>ille</strong></span> <span class='ocrx_word' id='word_1_66' title='bbox 737 2361 770 2426; x_wconf 93' lang='lat' dir='ltr'><strong>in</strong></span> <span class='ocrx_word' id='word_1_67' title='bbox 780 2359 882 2448; x_wconf 88' lang='lat' dir='ltr'><strong>junco</strong></span> <span class='ocrx_word' id='word_1_68' title='bbox 897 2357 1069 2450; x_wconf 79' lang='lat' dir='ltr'><strong>rubetoque</strong></span> <span class='ocrx_word' id='word_1_69' title='bbox 1083 2363 1192 2450; x_wconf 90' lang='lat' dir='ltr'><strong>denso,</strong></span> 
     </span>
     <span class='ocr_line' id='line_1_11' title="bbox 151 2596 1194 2687; baseline 0.009 -27"><span class='ocrx_word' id='word_1_70' title='bbox 151 2616 278 2681; x_wconf 77' lang='lat' dir='ltr'><strong>¹corpora</strong></span> <span class='ocrx_word' id='word_1_71' title='bbox 304 2605 411 2662; x_wconf 76' lang='lat' dir='ltr'><strong>tenero</strong></span> <span class='ocrx_word' id='word_1_72' title='bbox 435 2596 587 2662; x_wconf 86' lang='lat' dir='ltr'><strong>violarum</strong></span> <span class='ocrx_word' id='word_1_73' title='bbox 614 2597 699 2662; x_wconf 80' lang='lat' dir='ltr'><strong>flavis</strong></span> <span class='ocrx_word' id='word_1_74' title='bbox 724 2606 756 2664; x_wconf 86' lang='lat' dir='ltr'><strong>et</strong></span> <span class='ocrx_word' id='word_1_75' title='bbox 778 2601 941 2687; x_wconf 80' lang='lat' dir='ltr'><strong>purpureis</strong></span> <span class='ocrx_word' id='word_1_76' title='bbox 970 2599 1070 2686; x_wconf 81' lang='lat' dir='ltr'><strong>(roris)</strong></span> <span class='ocrx_word' id='word_1_77' title='bbox 1101 2601 1194 2669; x_wconf 80' lang='lat' dir='ltr'><strong>radiis</strong></span> 
     </span>
     <span class='ocr_line' id='line_1_12' title="bbox 153 2825 1197 2922; baseline 0.011 -34"><span class='ocrx_word' id='word_1_78' title='bbox 153 2825 339 2890; x_wconf 81' lang='lat' dir='ltr'><strong>madefacto.</strong></span> <span class='ocrx_word' id='word_1_79' title='bbox 382 2825 548 2913; x_wconf 82' lang='lat' dir='ltr'><strong>Propterea</strong></span> <span class='ocrx_word' id='word_1_80' title='bbox 562 2829 657 2894; x_wconf 85' lang='lat' dir='ltr'><strong>etiam</strong></span> <span class='ocrx_word' id='word_1_81' title='bbox 675 2837 773 2922; x_wconf 81' lang='lat' dir='ltr'><strong>mater</strong></span> <span class='ocrx_word' id='word_1_82' title='bbox 796 2829 890 2920; x_wconf 85' lang='lat' dir='ltr'><strong>jussit</strong></span> <span class='ocrx_word' id='word_1_83' title='bbox 904 2832 1006 2898; x_wconf 85' lang='lat' dir='ltr'><strong>vocari</strong></span> <span class='ocrx_word' id='word_1_84' title='bbox 1020 2854 1095 2899; x_wconf 88' lang='lat' dir='ltr'><strong>eum</strong></span> <span class='ocrx_word' id='word_1_85' title='bbox 1109 2834 1197 2901; x_wconf 91' lang='lat' dir='ltr'><strong>omni</strong></span> 
     </span>
     <span class='ocr_line' id='line_1_13' title="bbox 154 3058 1197 3155; baseline 0.016 -34"><span class='ocrx_word' id='word_1_86' title='bbox 154 3064 292 3144; x_wconf 88' lang='lat' dir='ltr'><strong>tempore</strong></span> <span class='ocrx_word' id='word_1_87' title='bbox 306 3095 352 3112; x_wconf 87' lang='lat'><strong>--</strong></span> <span class='ocrx_word' id='word_1_88' title='bbox 365 3058 426 3123; x_wconf 87' lang='lat' dir='ltr'><strong>hoc</strong></span> <span class='ocrx_word' id='word_1_89' title='bbox 440 3059 568 3126; x_wconf 89' lang='lat' dir='ltr'><strong>nomine</strong></span> <span class='ocrx_word' id='word_1_90' title='bbox 582 3060 763 3129; x_wconf 84' lang='lat' dir='ltr'><strong>immortali.</strong></span> <span class='ocrx_word' id='word_1_91' title='bbox 817 3063 928 3129; x_wconf 85' lang='lat' dir='ltr'><strong>Suavis</strong></span> <span class='ocrx_word' id='word_1_92' title='bbox 943 3085 1016 3130; x_wconf 84' lang='lat' dir='ltr'><strong>vero</strong></span> <span class='ocrx_word' id='word_1_93' title='bbox 1029 3076 1197 3155; x_wconf 82' lang='lat' dir='ltr'><strong>postquam</strong></span> 
     </span>
    </p>
   </div>
   <div class='ocr_carea' id='block_1_8' title="bbox 155 3271 1197 3386">
    <p class='ocr_par' dir='ltr' id='par_1_8' title="bbox 155 3271 1197 3386">
     <span class='ocr_line' id='line_1_14' title="bbox 155 3271 1197 3386; baseline 0.016 -30"><span class='ocrx_word' id='word_1_94' title='bbox 155 3271 231 3358; x_wconf 80' lang='lat' dir='ltr'><strong>auro</strong></span> <span class='ocrx_word' id='word_1_95' title='bbox 244 3303 398 3359; x_wconf 82' lang='lat' dir='ltr'><strong>coronatas</strong></span> <span class='ocrx_word' id='word_1_96' title='bbox 427 3297 569 3382; x_wconf 73' lang='lat' dir='ltr'><strong>(pulcra)</strong></span> <span class='ocrx_word' id='word_1_97' title='bbox 587 3300 707 3386; x_wconf 84' lang='lat' dir='ltr'><strong>accepit</strong></span> <span class='ocrx_word' id='word_1_98' title='bbox 726 3301 897 3386; x_wconf 83' lang='lat' dir='ltr'><strong>pubertatis</strong></span> <span class='ocrx_word' id='word_1_99' title='bbox 917 3302 1068 3385; x_wconf 83' lang='lat' dir='ltr'><strong>fructum,</strong></span> <span class='ocrx_word' id='word_1_100' title='bbox 1083 3307 1117 3372; x_wconf 91' lang='lat' dir='ltr'><strong>in</strong></span> <span class='ocrx_word' id='word_1_101' title='bbox 1140 3309 1197 3372; x_wconf 82' lang='lat' dir='ltr'><strong>Al-</strong></span> 
     </span>
    </p>
   </div>
   <div class='ocr_carea' id='block_1_9' title="bbox 157 3501 1202 3629">
    <p class='ocr_par' dir='ltr' id='par_1_9' title="bbox 157 3501 1202 3629">
     <span class='ocr_line' id='line_1_15' title="bbox 157 3501 1202 3629; baseline 0.023 -40"><span class='ocrx_word' id='word_1_102' title='bbox 157 3520 275 3610; x_wconf 73' lang='lat' dir='ltr'><strong>pbeur&#39;n</strong></span> <span class='ocrx_word' id='word_1_103' title='bbox 284 3519 421 3596; x_wconf 74' lang='lat' dir='ltr'><strong>metitum</strong></span> <span class='ocrx_word' id='word_1_104' title='bbox 431 3533 586 3616; x_wconf 82' lang='lat' dir='ltr'><strong>ingressus</strong></span> <span class='ocrx_word' id='word_1_105' title='bbox 601 3514 757 3602; x_wconf 82' lang='lat' dir='ltr'><strong>invocavit</strong></span> <span class='ocrx_word' id='word_1_106' title='bbox 766 3547 859 3604; x_wconf 84' lang='lat' dir='ltr'><strong>noctu</strong></span> <span class='ocrx_word' id='word_1_107' title='bbox 872 3531 994 3607; x_wconf 81' lang='lat' dir='ltr'><strong>subdio</strong></span> <span class='ocrx_word' id='word_1_108' title='bbox 1012 3501 1202 3629; x_wconf 68' lang='lat' dir='ltr'><strong>bieptunum</strong></span> 
     </span>
    </p>
   </div>
   <div class='ocr_carea' id='block_1_10' title="bbox 159 3739 1279 3874">
    <p class='ocr_par' dir='ltr' id='par_1_10' title="bbox 159 3739 1279 3874">
     <span class='ocr_line' id='line_1_16' title="bbox 159 3739 1279 3874; baseline 0.022 -49"><span class='ocrx_word' id='word_1_109' title='bbox 159 3761 221 3866; x_wconf 79' lang='lat' dir='ltr'><strong>late</strong></span> <span class='ocrx_word' id='word_1_110' title='bbox 243 3772 403 3847; x_wconf 83' lang='lat' dir='ltr'><strong>potentem</strong></span> <span class='ocrx_word' id='word_1_111' title='bbox 425 3791 518 3839; x_wconf 87' lang='lat' dir='ltr'><strong>suum</strong></span> <span class='ocrx_word' id='word_1_112' title='bbox 540 3792 644 3863; x_wconf 51' lang='lat' dir='ltr'><strong>aarum)</strong></span> <span class='ocrx_word' id='word_1_113' title='bbox 659 3775 929 3858; x_wconf 76' lang='lat' dir='ltr'><strong>starcitanentem</strong></span> <span class='ocrx_word' id='word_1_114' title='bbox 953 3777 1029 3846; x_wconf 75' lang='lat' dir='ltr'><strong>Deli</strong></span> <span class='ocrx_word' id='word_1_115' title='bbox 1049 3778 1205 3874; x_wconf 61' lang='lat' dir='ltr'><strong>divinitus</strong></span> <span class='ocrx_word' id='word_1_116' title='bbox 1276 3739 1279 3746; x_wconf 26' lang='lat'>¹</span> 
     </span>
    </p>
   </div>
   <div class='ocr_carea' id='block_1_11' title="bbox 0 0 1429 4604">
    <p class='ocr_par' dir='ltr' id='par_1_11' title="bbox 0 0 1429 4604">
     <span class='ocr_line' id='line_1_17' title="bbox 0 0 1429 4604; baseline 0 0"><span class='ocrx_word' id='word_1_117' title='bbox 0 0 1429 4604; x_wconf 95' lang='lat' dir='ltr'><strong> </strong></span> 
     </span>
    </p>
   </div>
  </div>
 </body>
</html>
