<?xml version="1.0" encoding="UTF-8"?>
<!DOCTYPE html PUBLIC "-//W3C//DTD XHTML 1.0 Transitional//EN"
    "http://www.w3.org/TR/xhtml1/DTD/xhtml1-transitional.dtd">
<html xmlns="http://www.w3.org/1999/xhtml" xml:lang="en" lang="en">
 <head>
  <title>
</title>
<meta http-equiv="Content-Type" content="text/html;charset=utf-8" />
  <meta name='ocr-system' content='tesseract 3.04.00' />
  <meta name='ocr-capabilities' content='ocr_page ocr_carea ocr_par ocr_line ocrx_word'/>
</head>
<body>
  <div class='ocr_page' id='page_1' title='image "./pindaricarminaa00heyngoog_0238.png"; bbox 0 0 2780 4594; ppageno 0'>
   <div class='ocr_carea' id='block_1_1' title="bbox 217 407 1381 1290">
    <p class='ocr_par' dir='ltr' id='par_1_1' title="bbox 217 407 1381 1290">
     <span class='ocr_line' id='line_1_1' title="bbox 217 407 995 482; baseline -0.015 0"><span class='ocrx_word' id='word_1_1' title='bbox 217 420 282 482; x_wconf 71' lang='lat'><strong>2³⁴</strong></span> <span class='ocrx_word' id='word_1_2' title='bbox 569 455 572 462; x_wconf 35' lang='grc' dir='ltr'><strong><em>ι</em></strong></span> <span class='ocrx_word' id='word_1_3' title='bbox 626 407 729 476; x_wconf 83' lang='lat' dir='ltr'><strong>PYT</strong></span> <span class='ocrx_word' id='word_1_4' title='bbox 739 407 847 474; x_wconf 76' lang='lat' dir='ltr'>HlA.</span> <span class='ocrx_word' id='word_1_5' title='bbox 992 420 995 428; x_wconf 90' lang='grc'><em>·</em></span> 
     </span>
     <span class='ocr_line' id='line_1_2' title="bbox 217 559 1381 754; baseline 0.002 -22"><span class='ocrx_word' id='word_1_6' title='bbox 217 688 328 740; x_wconf 71' lang='lat' dir='ltr'><strong>narum</strong></span> <span class='ocrx_word' id='word_1_7' title='bbox 354 559 544 754; x_wconf 77' lang='lat' dir='ltr'><strong>Euphemue&#39;</strong></span> <span class='ocrx_word' id='word_1_8' title='bbox 566 667 620 734; x_wconf 88' lang='lat' dir='ltr'><strong>ubi</strong></span> <span class='ocrx_word' id='word_1_9' title='bbox 642 664 840 754; x_wconf 80' lang='lat' dir='ltr'><strong>pervenisset,</strong></span> <span class='ocrx_word' id='word_1_10' title='bbox 863 663 947 730; x_wconf 86' lang='lat' dir='ltr'><strong>filius</strong></span> <span class='ocrx_word' id='word_1_11' title='bbox 960 665 1299 754; x_wconf 72' lang='lat' dir='ltr'><strong>equitum-praesidis</strong></span> <span class='ocrx_word' id='word_1_12' title='bbox 1380 599 1381 647; x_wconf 12' lang='grc' dir='ltr'>ἶ</span> 
     </span>
     <span class='ocr_line' id='line_1_3' title="bbox 217 915 1292 1024; baseline 0 -22"><span class='ocrx_word' id='word_1_13' title='bbox 217 933 372 1022; x_wconf 87' lang='lat' dir='ltr'><strong>Neptuni,</strong></span> <span class='ocrx_word' id='word_1_14' title='bbox 387 955 453 1017; x_wconf 86' lang='lat' dir='ltr'><strong>rex,</strong></span> <span class='ocrx_word' id='word_1_15' title='bbox 467 955 561 1022; x_wconf 91' lang='lat' dir='ltr'><strong>quem</strong></span> <span class='ocrx_word' id='word_1_16' title='bbox 583 933 658 1000; x_wconf 86' lang='lat' dir='ltr'><strong>olim</strong></span> <span class='ocrx_word' id='word_1_17' title='bbox 673 915 801 1020; x_wconf 81' lang='lat' dir='ltr'><strong>Europa</strong></span> <span class='ocrx_word' id='word_1_18' title='bbox 820 932 907 1020; x_wconf 81' lang='lat' dir='ltr'><strong>Tityi</strong></span> <span class='ocrx_word' id='word_1_19' title='bbox 921 933 985 1000; x_wconf 82' lang='lat' dir='ltr'><strong>filia</strong></span> <span class='ocrx_word' id='word_1_20' title='bbox 997 933 1117 1024; x_wconf 80' lang='lat' dir='ltr'><strong>peperit</strong></span> <span class='ocrx_word' id='word_1_21' title='bbox 1135 933 1292 1022; x_wconf 79' lang='lat' dir='ltr'><strong>Cephisi</strong></span> 
     </span>
     <span class='ocr_line' id='line_1_4' title="bbox 218 1137 1283 1290; baseline -0.003 -18"><span class='ocrx_word' id='word_1_22' title='bbox 218 1203 258 1271; x_wconf 82' lang='lat' dir='ltr'><strong>&#39;ed</strong></span> <span class='ocrx_word' id='word_1_23' title='bbox 271 1137 372 1290; x_wconf 81' lang='lat' dir='ltr'><strong>ripas:¹</strong></span> <span class='ocrx_word' id='word_1_24' title='bbox 400 1237 445 1254; x_wconf 89' lang='lat'>-</span> <span class='ocrx_word' id='word_1_25' title='bbox 465 1209 574 1290; x_wconf 85' lang='lat' dir='ltr'><strong>quarta</strong></span> <span class='ocrx_word' id='word_1_26' title='bbox 595 1200 793 1286; x_wconf 80' lang='lat' dir='ltr'><strong>generatione</strong></span> <span class='ocrx_word' id='word_1_27' title='bbox 815 1199 951 1268; x_wconf 87' lang='lat' dir='ltr'><strong>filiorum</strong></span> <span class='ocrx_word' id='word_1_28' title='bbox 973 1210 1200 1288; x_wconf 77' lang='lat' dir='ltr'><strong>prognatorum</strong></span> <span class='ocrx_word' id='word_1_29' title='bbox 1218 1221 1283 1269; x_wconf 84' lang='lat' dir='ltr'><strong>so·</strong></span> 
     </span>
    </p>
   </div>
   <div class='ocr_carea' id='block_1_2' title="bbox 220 1465 1277 1558">
    <p class='ocr_par' dir='ltr' id='par_1_2' title="bbox 220 1465 1277 1558">
     <span class='ocr_line' id='line_1_5' title="bbox 220 1465 1277 1558; baseline 0.001 -23"><span class='ocrx_word' id='word_1_30' title='bbox 220 1466 307 1536; x_wconf 78' lang='lat' dir='ltr'><strong>bolen</strong></span> <span class='ocrx_word' id='word_1_31' title='bbox 322 1465 390 1556; x_wconf 84' lang='lat' dir='ltr'><strong>ejus</strong></span> <span class='ocrx_word' id='word_1_32' title='bbox 404 1488 478 1534; x_wconf 85' lang='lat' dir='ltr'><strong>eum</strong></span> <span class='ocrx_word' id='word_1_33' title='bbox 494 1466 613 1535; x_wconf 79' lang='lat' dir='ltr'><strong>Danais</strong></span> <span class='ocrx_word' id='word_1_34' title='bbox 626 1470 721 1535; x_wconf 84' lang='lat' dir='ltr'><strong>lutam</strong></span> <span class='ocrx_word' id='word_1_35' title='bbox 743 1469 830 1536; x_wconf 86' lang='lat' dir='ltr'><strong>illam</strong></span> <span class='ocrx_word' id='word_1_36' title='bbox 854 1467 1069 1558; x_wconf 71' lang='lat' dir='ltr'><strong>eontinentem</strong></span> <span class='ocrx_word' id='word_1_37' title='bbox 1082 1467 1277 1556; x_wconf 83' lang='lat' dir='ltr'><strong>accepisset.</strong></span> 
     </span>
    </p>
   </div>
   <div class='ocr_carea' id='block_1_3' title="bbox 155 1707 1274 1824">
    <p class='ocr_par' dir='ltr' id='par_1_3' title="bbox 155 1707 1274 1824">
     <span class='ocr_line' id='line_1_6' title="bbox 155 1707 1274 1824; baseline 0 -22"><span class='ocrx_word' id='word_1_38' title='bbox 155 1743 163 1756; x_wconf 90' lang='lat'>&#39;</span> <span class='ocrx_word' id='word_1_39' title='bbox 224 1707 319 1802; x_wconf 73' lang='lat' dir='ltr'><strong>Tunc</strong></span> <span class='ocrx_word' id='word_1_40' title='bbox 341 1732 426 1802; x_wconf 89' lang='lat' dir='ltr'><strong>enim</strong></span> <span class='ocrx_word' id='word_1_41' title='bbox 442 1756 460 1798; x_wconf 89' lang='lat' dir='ltr'><strong>e</strong></span> <span class='ocrx_word' id='word_1_42' title='bbox 475 1753 590 1819; x_wconf 86' lang='lat' dir='ltr'><strong>magna</strong></span> <span class='ocrx_word' id='word_1_43' title='bbox 616 1734 812 1819; x_wconf 81' lang='lat' dir='ltr'><strong>egredientur</strong></span> <span class='ocrx_word' id='word_1_44' title='bbox 833 1735 1062 1802; x_wconf 71' lang='lat' dir='ltr'><strong>lacedemone</strong></span> <span class='ocrx_word' id='word_1_45' title='bbox 1077 1730 1274 1824; x_wconf 68' lang='lat' dir='ltr'><strong>&#39;Argiroque</strong></span> 
     </span>
    </p>
   </div>
   <div class='ocr_carea' id='block_1_4' title="bbox 200 1999 1381 3424">
    <p class='ocr_par' dir='ltr' id='par_1_4' title="bbox 200 1999 1381 3424">
     <span class='ocr_line' id='line_1_7' title="bbox 225 1999 1270 2089; baseline 0.002 -23"><span class='ocrx_word' id='word_1_46' title='bbox 225 1999 298 2066; x_wconf 88' lang='lat' dir='ltr'><strong>sinu</strong></span> <span class='ocrx_word' id='word_1_47' title='bbox 311 2008 345 2065; x_wconf 91' lang='lat' dir='ltr'><strong>et</strong></span> <span class='ocrx_word' id='word_1_48' title='bbox 359 2000 514 2088; x_wconf 79' lang='lat' dir='ltr'><strong>Mycenis.</strong></span> <span class='ocrx_word' id='word_1_49' title='bbox 559 1999 656 2066; x_wconf 88' lang='lat' dir='ltr'><strong>Nune</strong></span> <span class='ocrx_word' id='word_1_50' title='bbox 679 2021 750 2066; x_wconf 87' lang='lat' dir='ltr'><strong>vero</strong></span> <span class='ocrx_word' id='word_1_51' title='bbox 772 2001 1001 2089; x_wconf 85' lang='lat' dir='ltr'><strong>peregrinarum</strong></span> <span class='ocrx_word' id='word_1_52' title='bbox 1019 2001 1185 2068; x_wconf 89' lang='lat' dir='ltr'><strong>mulierum</strong></span> <span class='ocrx_word' id='word_1_53' title='bbox 1201 2023 1270 2068; x_wconf 91' lang='lat' dir='ltr'><strong>am·</strong></span> 
     </span>
     <span class='ocr_line' id='line_1_8' title="bbox 227 2229 1269 2358; baseline 0.008 -29"><span class='ocrx_word' id='word_1_54' title='bbox 227 2265 370 2354; x_wconf 85' lang='lat' dir='ltr'><strong>pleribus</strong></span> <span class='ocrx_word' id='word_1_55' title='bbox 386 2262 601 2354; x_wconf 78' lang='lat' dir='ltr'><strong>(Euphemus)</strong></span> <span class='ocrx_word' id='word_1_56' title='bbox 617 2271 799 2356; x_wconf 82' lang='lat' dir='ltr'><strong>praeclarum</strong></span> <span class='ocrx_word' id='word_1_57' title='bbox 820 2269 966 2358; x_wconf 80' lang='lat' dir='ltr'><strong>suscipiet</strong></span> <span class='ocrx_word' id='word_1_58' title='bbox 978 2290 1078 2354; x_wconf 86' lang='lat' dir='ltr'><strong>genus</strong></span> <span class='ocrx_word' id='word_1_59' title='bbox 1093 2229 1269 2356; x_wconf 58' lang='lat' dir='ltr'><strong>(virorum</strong></span> 
     </span>
     <span class='ocr_line' id='line_1_9' title="bbox 200 2473 1267 2620; baseline 0.012 -31"><span class='ocrx_word' id='word_1_60' title='bbox 200 2577 202 2582; x_wconf 94' lang='lat'><em>.</em></span> <span class='ocrx_word' id='word_1_61' title='bbox 229 2523 286 2610; x_wconf 90' lang='lat' dir='ltr'><strong>qui</strong></span> <span class='ocrx_word' id='word_1_62' title='bbox 299 2473 466 2592; x_wconf 73' lang='lat' dir='ltr'><strong>inhancce</strong></span> <span class='ocrx_word' id='word_1_63' title='bbox 480 2529 631 2594; x_wconf 86' lang='lat' dir='ltr'><strong>beneficio</strong></span> <span class='ocrx_word' id='word_1_64' title='bbox 652 2529 780 2597; x_wconf 89' lang='lat' dir='ltr'><strong>deorum</strong></span> <span class='ocrx_word' id='word_1_65' title='bbox 801 2531 936 2597; x_wconf 86' lang='lat' dir='ltr'><strong>insulam</strong></span> <span class='ocrx_word' id='word_1_66' title='bbox 957 2532 1116 2601; x_wconf 87' lang='lat' dir='ltr'><strong>venientes</strong></span> <span class='ocrx_word' id='word_1_67' title='bbox 1136 2533 1267 2620; x_wconf 87' lang='lat' dir='ltr'><strong>genituri</strong></span> 
     </span>
     <span class='ocr_line' id='line_1_10' title="bbox 217 2795 1263 2924; baseline 0.011 -65"><span class='ocrx_word' id='word_1_68' title='bbox 217 2796 298 2924; x_wconf 76' lang='lat' dir='ltr'><strong>¹rint</strong></span> <span class='ocrx_word' id='word_1_69' title='bbox 309 2795 421 2878; x_wconf 88' lang='lat' dir='ltr'><strong>virum,</strong></span> <span class='ocrx_word' id='word_1_70' title='bbox 430 2815 612 2882; x_wconf 79' lang='lat' dir='ltr'><strong>camporum</strong></span> <span class='ocrx_word' id='word_1_71' title='bbox 621 2796 779 2914; x_wconf 82' lang='lat' dir='ltr'><strong>nigrorum</strong></span> <span class='ocrx_word' id='word_1_72' title='bbox 791 2796 968 2882; x_wconf 87' lang='lat' dir='ltr'><strong>dominum,</strong></span> <span class='ocrx_word' id='word_1_73' title='bbox 981 2799 1127 2884; x_wconf 82' lang='lat' dir='ltr'><strong>(Battum</strong></span> <span class='ocrx_word' id='word_1_74' title='bbox 1137 2805 1162 2887; x_wconf 81' lang='lat' dir='ltr'><strong>r)</strong></span> <span class='ocrx_word' id='word_1_75' title='bbox 1176 2823 1263 2920; x_wconf 85' lang='lat' dir='ltr'><strong>quern</strong></span> 
     </span>
     <span class='ocr_line' id='line_1_11' title="bbox 236 3059 1262 3185; baseline 0.01 -61"><span class='ocrx_word' id='word_1_76' title='bbox 236 3059 362 3148; x_wconf 88' lang='lat' dir='ltr'><strong>quidem</strong></span> <span class='ocrx_word' id='word_1_77' title='bbox 390 3061 567 3128; x_wconf 80' lang='lat' dir='ltr'><strong>euri-divite</strong></span> <span class='ocrx_word' id='word_1_78' title='bbox 588 3063 753 3150; x_wconf 75' lang='lat' dir='ltr'><strong>aliquando</strong></span> <span class='ocrx_word' id='word_1_79' title='bbox 775 3063 809 3130; x_wconf 90' lang='lat' dir='ltr'><strong>in</strong></span> <span class='ocrx_word' id='word_1_80' title='bbox 833 3064 900 3133; x_wconf 83' lang='lat' dir='ltr'><strong>aede</strong></span> <span class='ocrx_word' id='word_1_81' title='bbox 929 3066 1070 3134; x_wconf 79' lang='lat' dir='ltr'><strong>Phoebus</strong></span> <span class='ocrx_word' id='word_1_82' title='bbox 1097 3067 1262 3185; x_wconf 83' lang='lat' dir='ltr'><strong>admonebit</strong></span> 
     </span>
     <span class='ocr_line' id='line_1_12' title="bbox 238 3323 1381 3424; baseline 0.015 -34"><span class='ocrx_word' id='word_1_83' title='bbox 238 3323 369 3412; x_wconf 76' lang='lat' dir='ltr'><strong>oraculis</strong></span> <span class='ocrx_word' id='word_1_84' title='bbox 384 3323 531 3410; x_wconf 79' lang='lat' dir='ltr'><strong>Pythium</strong></span> <span class='ocrx_word' id='word_1_85' title='bbox 546 3330 701 3416; x_wconf 84' lang='lat' dir='ltr'><strong>templum</strong></span> <span class='ocrx_word' id='word_1_86' title='bbox 722 3329 915 3418; x_wconf 78' lang='lat' dir='ltr'><strong>ingressume</strong></span> <span class='ocrx_word' id='word_1_87' title='bbox 937 3371 983 3387; x_wconf 90' lang='lat'>—</span> <span class='ocrx_word' id='word_1_88' title='bbox 997 3342 1034 3400; x_wconf 86' lang='lat' dir='ltr'><strong>ut</strong></span> <span class='ocrx_word' id='word_1_89' title='bbox 1047 3343 1183 3424; x_wconf 78' lang='lat' dir='ltr'><strong>tempore</strong></span> <span class='ocrx_word' id='word_1_90' title='bbox 1194 3336 1259 3406; x_wconf 73' lang='lat' dir='ltr'><strong>ieri·</strong></span> <span class='ocrx_word' id='word_1_91' title='bbox 1380 3323 1381 3328; x_wconf 6' lang='grc' dir='ltr'>ἵ</span> 
     </span>
    </p>
   </div>
   <div class='ocr_carea' id='block_1_5' title="bbox 239 3569 1261 3672">
    <p class='ocr_par' dir='ltr' id='par_1_5' title="bbox 239 3569 1261 3672">
     <span class='ocr_line' id='line_1_13' title="bbox 239 3569 1261 3672; baseline 0.02 -37"><span class='ocrx_word' id='word_1_92' title='bbox 239 3589 291 3636; x_wconf 89' lang='lat' dir='ltr'><strong>ore</strong></span> <span class='ocrx_word' id='word_1_93' title='bbox 304 3572 432 3638; x_wconf 80' lang='lat' dir='ltr'><strong>navibus</strong></span> <span class='ocrx_word' id='word_1_94' title='bbox 445 3574 562 3639; x_wconf 85' lang='lat' dir='ltr'><strong>multos¹</strong></span> <span class='ocrx_word' id='word_1_95' title='bbox 566 3574 699 3643; x_wconf 85' lang='lat' dir='ltr'><strong>deducat</strong></span> <span class='ocrx_word' id='word_1_96' title='bbox 709 3579 778 3646; x_wconf 91' lang='lat' dir='ltr'><strong>Nili</strong></span> <span class='ocrx_word' id='word_1_97' title='bbox 791 3581 830 3646; x_wconf 91' lang='lat' dir='ltr'><strong>ad</strong></span> <span class='ocrx_word' id='word_1_98' title='bbox 840 3581 955 3667; x_wconf 88' lang='lat' dir='ltr'><strong>pingue</strong></span> <span class='ocrx_word' id='word_1_99' title='bbox 961 3587 1114 3672; x_wconf 80' lang='lat' dir='ltr'><strong>templum</strong></span> <span class='ocrx_word' id='word_1_100' title='bbox 1125 3569 1261 3655; x_wconf 79' lang='lat' dir='ltr'><strong>Saturni·</strong></span> 
     </span>
    </p>
   </div>
   <div class='ocr_carea' id='block_1_6' title="bbox 0 0 1420 4594">
    <p class='ocr_par' dir='ltr' id='par_1_6' title="bbox 0 0 1420 4594">
     <span class='ocr_line' id='line_1_14' title="bbox 0 0 1420 4594; baseline 0 0"><span class='ocrx_word' id='word_1_101' title='bbox 0 0 1420 4594; x_wconf 95' lang='lat' dir='ltr'><strong> </strong></span> 
     </span>
    </p>
   </div>
  </div>
 </body>
</html>
