2808 4604
500 485 738 554 CARMEN
760 485 816 551 Vi.
1161 497 1204 554 65

152 743 186 810 in
201 741 313 829 hymni
330 741 392 809 mei
404 743 529 815 heroem
545 745 787 832 Syracusanum,
803 744 897 832 idque
910 745 942 810 ei
956 766 1058 833 neque
1069 753 1201 822 eonten-

149 1008 250 1074 tiosus
276 1030 337 1096 ego
367 1031 467 1096 neque
497 1009 664 1075 admodum
693 974 824 1091 rinosus,
855 1031 971 1095 magno
996 977 1197 1097 jurejurando

152 1291 335 1378 interposito
364 1291 477 1356 diserte
506 1294 661 1358 testabor:
694 1292 788 1358 modo
813 1293 986 1360 mellisonae
1015 1295 1198 1378 permittent

150 1571 266 1638 Museo.
301 1585 349 1624 -'
365 1570 471 1658 Junge
502 1573 580 1639 mihi
605 1573 684 1659 jem,
708 1592 728 1636 o
751 1571 886 1651 Phintis,
915 1575 1010 1638 robur
1038 1529 1196 1640 mularum

153 1877 248 1942 quam
263 1858 432 1937 celerrime,
447 1867 482 1920 ut
494 1859 642 1943 perviam
657 1865 816 1943 patentem
829 1857 942 1921 ducam
955 1877 1092 1938 currum,
1105 1859 1193 1924 veui·

151 2142 266 2206 amque
276 2120 316 2186 ed
331 2119 485 2187 victorum
500 2121 595 2188 etiam
610 2119 748 2206 stirpem.
794 2118 863 2188 111ae
877 2120 962 2189 enim
977 2140 1042 2208 prae
1053 2122 1120 2188 aliis
1134 2122 1193 2198 du·

151 2409 205 2453 ees
218 2384 278 2451 vie
293 2383 386 2472 hujus
399 2407 466 2452 etue
482 2393 608 2467 norunt,
622 2405 752 2454 coronae
765 2387 926 2474 Olympio
939 2386 1191 2474 quondoquidem

150 2663 354 2742 reportarunt.
399 2654 651 2723 Consentaneum
674 2653 779 2740 itaque
800 2662 847 2719 est
874 2661 976 2740 portas
1005 2652 1192 2738 hymnorum

150 2923 322 3008 patefacere
336 2919 433 3006 ipsis3
455 2919 494 2986 ad
510 2919 651 2989 Pitanem
668 2928 773 2986 autem
791 2913 886 3004 juxte
905 2915 1036 2984 Eurotae
1051 2925 1190 2986 meatum

153 3194 276 3274 oportet
297 3187 388 3252 hodie
410 3183 514 3251 venire
536 3185 729 3271 tempestive,
744 3221 789 3233 -
810 3204 883 3270 quae
899 3203 918 3247 o
932 3183 1085 3270 Neptuno
1100 3204 1190 3248 eom·

152 3468 257 3536 pressu
277 3449 428 3544 ¹Sutumio
454 3449 567 3516 dieitur
596 3429 703 3524 filiam
722 3449 867 3524 violaceis
895 3447 1013 3538 capillis
1039 3447 1193 3542 Evedneu

148 3709 326 3812 mutunus
351 3715 435 3790 clam
459 3722 563 3792 nutem
585 3719 759 3798 gestarent
783 3713 1084 3798 uirgineumtetum
1110 3713 1193 3792 sinu

240 3911 314 3958 von.
337 3914 360 3959 1.
672 3881 674 3886 ¹
757 3913 780 3956 x
