2808 4604
211 515 253 574 Gli
600 501 871 566 OLYMPIA.

209 759 355 846 justoque
370 779 478 828 mense
491 757 608 824 editam
630 739 931 830 iniantemfamulas
949 755 1044 842 jussit
1065 757 1259 824 educandam

217 995 334 1062 tradere
349 994 435 1058 huoi
448 992 537 1060 Elati
547 993 624 1073 filio,
639 993 694 1080 qui
707 992 882 1060 Arcadibus
893 992 1066 1079 imperabat
1085 989 1261 1076 Phaesanae‚

219 1233 404 1350 sortitusque
419 1233 517 1298 luerat
530 1231 687 1317 Alpheum
702 1233 849 1296 accolere.
895 1231 944 1296 lbi
957 1229 1100 1310 educata,
1112 1229 1151 1294 ab
1163 1229 1262 1316 Apol-

222 1465 286 1556 line
295 1485 474 1550 compressa
484 1464 610 1529 dulcem
619 1462 757 1551 primum
766 1460 940 1549 degustavit
952 1462 1118 1529 Venerem.
1133 1502 1179 1514 -
1192 1463 1263 1527 Ne·

220 1723 279 1786 que
298 1702 390 1766 latuit
404 1699 557 1786 AEpytum
573 1702 660 1768 omni
677 1710 825 1788 tempore,
853 1701 966 1784 (utero)
995 1721 1065 1766 eam
1080 1700 1177 1762 celare
1207 1698 1258 1762 dei

129 1931 136 1951 ¹
222 1939 360 2025 prolem3
385 1937 478 2002 sedis
493 1937 619 2022 quidem
636 1938 741 2004 animo
757 1937 966 2024 comprimens
980 1937 1057 2004 iram
1073 1937 1261 2002 ineffabilem

223 2151 337 2239 sollerti
352 2149 490 2239 consilio¹
503 2173 680 2258 Pythonem
702 2151 778 2240 abiit
799 2177 958 2240 oraculum
983 2174 1192 2280 consultatus.
1205 2173 1266 2237 hoc

159 2441 162 2446 Δ
222 2405 262 2470 de
276 2406 469 2471 intolerando
484 2426 567 2470 casn.
595 2405 669 2470 llla
691 2427 761 2469 vero
783 2405 1267 2490 punicea-trama-intextamzo-

224 2663 296 2708 nam
321 2643 478 2755 deponens
501 2661 672 2752 urnamque
694 2648 884 2726 argenteam,
908 2640 1020 2708 dumos
1044 2642 1127 2735 inter
1152 2665 1266 2730 opacos

225 2877 346 3000 ¹peperit
360 2878 500 2946 divinum
515 2899 667 2963 puerum3
683 2877 758 2944 dum
774 2878 961 2952 Auricomus
974 2881 1080 2960 adesse
1095 2882 1124 2945 ei
1134 2880 1267 2970 jusserat

224 3093 437 3180 placidamque
448 3095 602 3208 Lucinam
614 3095 795 3181 Parcasque.
818 3136 863 3148 —
884 3096 1003 3163 Prodiit
1014 3097 1111 3182 igitur
1123 3117 1162 3159 cx
1175 3098 1265 3160 ut'ero
1376 3145 1379 3152 ,

223 3317 314 3395 partu
337 3311 463 3377 amabili
485 3312 591 3378 statim
615 3312 648 3376 in
675 3315 776 3378 lucem
801 3313 933 3395 Jamns3
955 3335 1049 3399 quem
1073 3313 1126 3377 illa
1140 3287 1265 3399 quidem

130 3538 132 3542 ’
221 3497 329 3597 dolens
348 3531 478 3616 (animo)
495 3525 631 3618 reliquit
642 3534 744 3616 humi,
759 3534 822 3602 duo
837 3499 908 3602 iero
924 3533 1008 3601 caesii
1022 3533 1170 3598 dradones
1188 3535 1263 3599 deo·

219 3764 298 3811 rum*
307 3749 466 3814 voluntate
478 3771 584 3816 curam
600 3737 666 3836 ejus
679 3753 828 3820 habentes
843 3773 916 3822 eum
926 3752 1121 3820 nutriverunt
1133 3741 1261 3822 innoxio
1275 3767 1278 3774 ·
