2826 4606
475 465 717 536 CARMEN
741 465 831 530 XIV.
1125 474 1179 531 165

141 731 243 798 vivia:
266 729 331 808 sed,
346 729 488 794 omnium
501 728 746 844 dispensatrices,
755 748 826 812 quae
835 725 915 791 fiunt
923 725 956 790 in
966 725 1060 807 coelo,
1069 745 1180 792 aureo-

141 980 391 1066 arcu-insignem
415 979 564 1046 habentes
575 976 668 1066 juxta
682 977 831 1063 Pythium
846 979 1025 1064 Apollinem
1040 978 1181 1060 thronos,

141 1230 366 1318 sempiternum
384 1233 494 1296 colunt
508 1230 603 1316 patris
615 1228 756 1316 Olympii
765 1230 927 1296 honorem.
942 1269 987 1282 —
1001 1227 1184 1297 Veneranda

143 1483 266 1568 Aglaie,
298 1490 636 1565 cantuumque-amans
669 1479 886 1565 Euphrosyne,
911 1480 1040 1548 deorum
1068 1480 1185 1549 summi

144 1731 232 1815 filiae,
247 1729 392 1796 exaudite
407 1752 504 1813 nunc,
522 1739 629 1818 tuque,
653 1727 765 1795 Thalia
779 1738 932 1796 cantuum
944 1751 1065 1816 amans,
1081 1732 1183 1820 adspi-

142 1982 229 2048 ciens
237 1983 318 2048 hane
326 2004 475 2070 pompam
490 1985 532 2049 ob
547 1982 713 2068 propitiam
730 1982 896 2066 (victorin)
909 1991 1023 2050 sortem
1032 1983 1092 2048 levi
1103 2002 1187 2068 gres·
1219 1983 1225 1996 “

142 2251 183 2294 su
197 2227 407 2296 incedentem.
450 2228 558 2315 Lydiis
585 2229 669 2295 enim
685 2229 882 2314 Asopichunr
912 2229 1013 2298 modis
1040 2231 1187 2300 carmini·

144 2480 266 2565 busque
281 2485 319 2544 ut
332 2481 529 2558 celebrarem,
545 2477 636 2542 venir
652 2477 801 2566 quoniam
814 2479 1109 2568 Olympico-victrix
1121 2479 1189 2549 Mi·

147 2747 225 2813 nyea
243 2697 487 2813 (Orchomenus)
505 2749 559 2816 per
572 2736 604 2794 te
619 2736 676 2794 est.
721 2727 783 2802 Ad,
798 2736 896 2796 atram
910 2729 1040 2796 domum
1064 2728 1188 2798 Proser·

72 3033 76 3042 .
147 2978 231 3064 pina
244 2975 300 3056 ito,
316 2996 336 3040 o
350 2975 459 3060 Fama,
475 2979 554 3062 patri
570 2979 723 3046 celebrem
732 2977 872 3044 adferens
884 2980 1045 3061 nuntium,
1057 2980 1189 3048 Cleoda-

149 3249 238 3294 mum
254 3235 289 3292 ut
306 3223 495 3312 conspicata,
511 3224 611 3293 filium
626 3226 705 3315 (ejus
719 3209 925 3315 Asopichum)
943 3229 1054 3298 reseras
1063 3228 1189 3316 juveni·

14 3459 17 3550 ἶ
151 3474 214 3538 iem
229 3474 288 3540 sibi
302 3474 340 3542 ad
354 3496 491 3543 recessus
506 3473 632 3541 illustris
648 3474 729 3542 Pisae
744 3497 904 3544 coronasse
930 3478 1108 3546 inclitorum
1124 3499 1189 3544 cer·

16 3734 18 3744 ·
45 3745 49 3755 ·
155 3722 310 3790 caminum
323 3724 377 3790 alis
396 3723 547 3812 (praemiis
558 3723 592 3792 in
607 3689 740 3792 sublime
755 3725 964 3813 efferentibus)
980 3746 1113 3793 comam.
1146 3717 1149 3726 ’

14 3807 17 3906 t
