2808 4604
244 503 286 564 ΒΞ
626 496 891 566 OLYMPIA.

243 755 285 822 lia
305 753 463 822 carmina?
484 795 529 810 —
551 757 649 842 Atqui
663 759 751 838 aciat,
768 758 803 822 in
818 745 888 822 hoe*
899 756 1003 822 eulaeo
1023 757 1150 822 felicem
1167 755 1281 843 pedem

241 1063 274 1107 se
288 1042 410 1124 habere,
422 1043 474 1130 (ad
488 1043 598 1110 sehaec
609 1043 775 1172 pertinere)
788 1039 921 1110 Sostrati
936 1041 1029 1109 iilius.
1066 1041 1280 1109 Periculorum

240 1347 312 1394 vero
326 1335 468 1416 expertes
481 1327 610 1394 virtutes
636 1347 696 1392 nec
720 1326 800 1393 inter
814 1327 957 1394 homines
976 1330 1068 1414 (terra'
1089 1333 1279 1414 pugnantes)

238 1594 337 1680 pretio
357 1594 529 1662 habentur:
552 1596 660 1660 necin
674 1595 805 1712 navibus
827 1597 930 1678 navim
960 1598 1025 1678 sed,
1047 1597 1232 1682 praeclarum
1253 1594 1280 1661 ai
1400 1607 1401 1690 f

179 1893 182 1902 ¹
236 1860 312 1947 quid
325 1881 400 1928 cum
410 1862 514 1928 labore
528 1868 653 1946 gestum
664 1859 769 1942 fuerit,
786 1859 878 1926 multi
892 1858 959 1947 ejus
975 1861 1195 1928 meminerunt.
1238 1859 1279 1925 ln

233 2136 266 2194 te
279 2149 395 2210 vero,o
410 2129 534 2214 Ageaia,
549 2131 616 2196 laus
629 2150 667 2194 ea
681 2128 838 2210 convenit,
849 2150 944 2216 quam
961 2129 1046 2216 jnate
1065 2129 1141 2196 olim
1160 2127 1278 2194 Adraa·

232 2403 283 2460 tus
306 2394 340 2457 in
356 2402 459 2458 vatem
483 2391 641 2460 Oiclideni
664 2391 891 2476 Amphiaraum
902 2416 965 2460 «ore
988 2396 1195 2482 proloquutpm
1217 2404 1276 2479 eat,

230 2667 415 2774 quumteira
428 2659 593 2748 ipsumque
608 2667 639 2725 et
649 2660 787 2746 insignes
802 2681 898 2747 equos
911 2663 1121 2748 absorpsisaet.
1132 2699 1178 2718 ·-
1197 2661 1277 2747 Sep·

230 2935 294 2992 tem
318 2928 404 2994 enim
427 2885 574 3014 deinceps
587 2927 670 3014 rogis
691 2877 874 2993 cadaverum
889 2928 1064 3008 exstructis,
1079 2925 1275 2993 Talaionides

229 3193 440 3278 pronuntiavit
462 3194 544 3282 apud
564 3192 692 3258 Thebas
714 3191 776 3256 tale
796 3190 921 3278 aliquod
943 3191 1088 3258 dictum:
1120 3191 1272 3258 Desidero
1396 3235 1397 3267 i

229 3457 381 3524 exereitus
392 3459 455 3525 mei
462 3461 584 3539 lumen,
592 3459 765 3545 pariterque
776 3467 879 3528 vatem
892 3479 956 3526 non
969 3457 1073 3545 minus
1085 3455 1269 3543 sapientem,

213 3745 321 3809 -quana
335 3725 424 3792 hasta
445 3723 622 3813 pugnando.
635 3725 757 3792 sortem.
803 3723 897 3795 Quod
919 3721 1002 3790 idem
1018 3743 1103 3790 nunc
1119 3720 1265 3792 convenit
1392 3679 1395 3788 i
