2766 4630
475 485 710 554 CARMEN
746 487 803 554 vl.
1102 496 1166 558 297

116 760 252 804 currum
261 741 471 808 remorabatur
480 740 706 810 Paridisatelis
716 747 860 825 saucius3
882 745 974 812 atille
984 743 1172 830 (Memnon)

115 931 315 1008 immittebat
329 943 464 1016 validam
479 945 611 1012 hastam.
655 946 739 1012 'lum
757 947 908 1013 Messenii
924 948 1006 1012 senia
1030 948 1170 1034 perculsa

114 1166 210 1210 mens
225 1145 404 1211 inclamavit
419 1146 518 1214 filium
535 1171 640 1215 auum.
662 1187 708 1200 —
729 1149 845 1236 Neque
861 1170 933 1214 vero
953 1149 1074 1214 irritum
1099 1171 1168 1216 ver-

114 1331 203 1409 bum
211 1346 323 1411 emisit.
368 1345 432 1412 Sed
447 1357 532 1454 stans
549 1349 708 1430 (adversus
732 1349 871 1431 hostem)
898 1347 1022 1415 divinus
1045 1349 1098 1414 ille
1122 1350 1168 1415 vir

114 1547 338 1631 (Antilochus)
353 1549 484 1615 redemit
499 1559 599 1614 morte
614 1553 710 1618 vitam
726 1552 833 1638 patris,
849 1553 994 1638 visusque
1010 1563 1058 1619 est
1081 1554 1164 1640 apud

116 1750 249 1838 majores
263 1753 344 1819 inter
356 1677 579 1836 adolescentes,
592 1756 730 1822 facinore
742 1754 863 1842 ingenti
876 1764 1061 1843 perpetrato,
1074 1778 1163 1822 sum·

115 1975 190 2018 mus
205 1975 271 2018 esse
285 1955 401 2038 pietate
417 1975 489 2038 erga
501 1962 655 2040 parentes.
701 1957 805 2042 Atque
814 1955 1021 2042 haec'quidem
1034 1959 1068 2023 in
1079 1979 1162 2044 prae·

19 2245 25 2256 .
114 2153 214 2218 teritis
229 2164 313 2258 aunt.
343 2153 430 2220 lnter
443 2164 564 2220 nostros
577 2177 651 2226 vero
666 2156 761 2227 etiam
774 2155 987 2242 Thrasybulus
999 2166 1161 2242 paternam

117 2281 254 2406 maxime
269 2339 306 2406 ad
322 2342 461 2426 reguiam
475 2340 602 2423 incedit,
624 2382 670 2394 -
691 2281 871 2430 patruoque
882 2343 1051 2430 (proxime)
1068 2365 1158 2411 acce·

115 2489 206 2607 dend
215 2523 311 2592 moue
333 2503 485 2611 (urantur
499 2510 649 2593 exhibete
670 2513 896 2612 paraenet-que
919 2519 1042 2594 divitiae
1067 2525 1159 2614 regit,

117 2733 174 2790 nee
185 2709 336 2796 injustum
352 2733 410 2776 nee
424 2711 610 2794 insolentem
619 2710 764 2824 'juvente
780 2714 888 2810 florem
904 2709 1087 2799 decerpens,
1102 2713 1164 2816 sed

118 2831 297 2983 sapientiam
313 2897 347 2961 in
361 2857 539 2963 ⁸recessibua
563 2897 732 2965 Pieridum.
776 2898 828 2962 Ad
851 2907 882 2961 te
909 2919 1044 2982 quoque,
1067 2907 1157 2964 terrae

119 3065 347 3170 quasmtor,.qui
363 3071 545 3168 equestrem·
560 3080 721 3152 immuni
733 3082 895 3166 needed,
916 3081 1007 3168 valde
1027 3084 1157 3170 probato

121 3271 325 3366 (tibiianimo,
335 3271 494 3363 Neptune,
504 3293 569 3336 sese
578 3273 725 3359 applicat.
749 3369 755 3378 Ι
769 3271 882 3338 Dulcis
892 3291 963 3337 vero
973 3270 1041 3358 ejus
1054 3292 1155 3351 mens,

119 3457 206 3523 etiam
222 3457 254 3521 in
270 3453 490 3537 conversando,
505 3477 579 3522 eum
595 3447 744 3539 convivis,
757 3478 852 3545 apum
867 3463 991 3544 superat
1000 3456 1153 3522 cancella-
