2826 4606
472 490 707 560 CARMEN
735 487 827 558 v111.
1137 483 1195 544 105

150 781 213 846 que
225 759 323 842 gnaro
334 753 472 834 facilium
482 755 620 818 stultum
629 772 715 832 vero,
726 770 791 814 non
806 741 1026 834 praedidicisse.
1048 735 1193 804 leviores

153 1025 239 1091 enim
254 1024 487 1110 inexpertorum
502 1027 634 1122 mentes
657 1013 775 1082 Contra
787 1013 839 1078 ille
854 1008 979 1078 docebit
994 1027 1047 1074 eas
1059 1025 1109 1074 res
1124 1025 1192 1070 me·

154 1297 213 1364 lius
227 1293 351 1362 ceteris:
375 1291 443 1378 quis
458 1287 570 1356 modus
585 1285 686 1350 virum
700 1303 738 1346 eo
752 1279 912 1367 perducat,
922 1283 959 1342 ut
968 1295 1008 1340 ex
1020 1272 1114 1338 saeris
1126 1293 1196 1338 eer-

153 1547 325 1614 tnminibus
354 1535 642 1608 desideratissimam
669 1530 800 1618 gloriam
830 1532 975 1612 reportet.
1005 1521 1105 1586 Nunc
1120 1519 1193 1606 qui·

154 1797 228 1861 dem
241 1793 303 1881 ipsi
316 1791 413 1858 decus
427 1797 474 1856 est
502 1781 688 1852 Alcimedon
703 1767 862 1844 victoriam
888 1771 1076 1840 tricesimam
1101 1767 1196 1854 adep-

155 2057 207 2112 tus
221 2083 267 2096 -
280 2047 335 2131 qui
352 2047 477 2108 fortuna
490 2040 615 2126 quidem
630 2036 748 2114 diviua,
764 2053 823 2098 nec
846 2031 962 2095 virtute
977 2034 1084 2092 tamen
1099 2017 1197 2086 desti·
1298 2107 1300 2116 Ι

156 2313 254 2384 tutus,
269 2309 407 2388 quatuor
415 2313 583 2384 puerorum
600 2287 778 2376 corporibus
797 2232 925 2370 (pueris)
944 2275 1046 2344 effecit
1060 2270 1197 2340 reditum

158 2565 389 2642 invisissimum‚
405 2567 437 2624 et
455 2558 522 2622 sine
534 2550 714 2618 auctoritate
742 2546 895 2630 linguam,
910 2545 942 2602 et
971 2530 1199 2600 clandestinum

159 2820 314 2884 incessum
325 2811 438 2900 3⁸]patri
453 2817 558 2874 autem
574 2803 670 2891 patris
703 2797 788 2883 (avo)
804 2787 965 2875 inspiravit
991 2785 1084 2849 robur
1113 2775 1200 2844 senio

158 3044 329 3134 adversuma
373 3056 451 3124 Orci
465 3054 574 3140 utique
597 3046 798 3128 obliviscitur,
825 3049 952 3106 strenua
965 3033 1019 3122 qni
1030 3026 1199 3119 patraverit
1219 3005 1222 3011 ⁵

158 3320 213 3384 vir.
228 3355 273 3366 -
288 3313 351 3380 Sed
366 3333 416 3378 me
431 3309 520 3374 decet
538 3298 789 3389 (praeteritorum)
810 3289 992 3361 memoriam
1009 3281 1200 3350 excitantem

159 3567 263 3651 eloqui
280 3581 432 3628 mannum
451 3551 608 3620 victoriale
623 3549 718 3613 decus
733 3541 983 3630 Blepsiadarum,
993 3539 1080 3598 sexta
1089 3525 1202 3612 quibus

155 3820 224 3906 jam
237 3833 350 3880 corona
366 3807 556 3876 circumdata
570 3811 620 3867 est
635 3794 807 3864 frondiferis
823 3815 863 3857 ex
877 3780 1107 3854 certaminibus.
1146 3771 1206 3838 Est

243 4025 316 4071 VOL.
341 4022 364 4065 1.
453 4080 461 4088 ἡ
754 3999 774 4042 l’
